<mx:record xmlns="http://www.w3.org/TR/xhtml1/strict" xmlns:mx="http://www.loc.gov/MARC21/slim" xmlns:xsi="http://www.w3.org/2001/XMLSchema-instance"><mx:leader>00000cz   2200000n  4500</mx:leader><mx:controlfield tag="001">oca01318013 </mx:controlfield><mx:controlfield tag="005">19980828052450.1</mx:controlfield><mx:controlfield tag="008">850429n| acannaab|          |a aaa |||  </mx:controlfield><mx:datafield ind1=" " ind2=" " tag="010"><mx:subfield code="a">n  85083031 </mx:subfield></mx:datafield><mx:datafield ind1=" " ind2=" " tag="040"><mx:subfield code="a">DLC</mx:subfield><mx:subfield code="c">DLC</mx:subfield><mx:subfield code="d">DLC</mx:subfield><mx:subfield code="d">CLU</mx:subfield></mx:datafield><mx:datafield ind1="0" ind2=" " tag="100"><mx:subfield code="a">Eutropius,</mx:subfield><mx:subfield code="d">4th cent.</mx:subfield></mx:datafield><mx:datafield ind1="0" ind2=" " tag="400"><mx:subfield code="a">Eutropius,</mx:subfield><mx:subfield code="c">Roman historian</mx:subfield><mx:subfield code="w">nnaa</mx:subfield></mx:datafield><mx:datafield ind1="0" ind2=" " tag="400"><mx:subfield code="a">Eutropio,</mx:subfield><mx:subfield code="d">4th cent.</mx:subfield></mx:datafield><mx:datafield ind1=" " ind2=" " tag="670"><mx:subfield code="a">Venini, P. Peanio traduttore di Eutropio, 1983:</mx:subfield><mx:subfield code="b">t.p. (Eutropio) p. 421 (... Eutropii)</mx:subfield></mx:datafield><mx:datafield ind1=" " ind2=" " tag="670"><mx:subfield code="a">LC data base, 4-15-85</mx:subfield><mx:subfield code="b">(hdg.: Eutropius, Roman historian)</mx:subfield></mx:datafield><mx:datafield ind1=" " ind2=" " tag="670"><mx:subfield code="a">Der kl. Pauly</mx:subfield><mx:subfield code="b">(Eutropius, middle of the 4th cent.)</mx:subfield></mx:datafield><mx:datafield ind1=" " ind2=" " tag="999"><mx:subfield code="a">27814.6523</mx:subfield></mx:datafield></mx:record>